% Encoding: UTF-8

@article{halaby_2004,
  title={Panel models in sociological research: Theory into practice},
  author={Halaby, Charles N},
  journal={Annu. Rev. Sociol.},
  volume={30},
  pages={507--544},
  year={2004},
  publisher={Annual Reviews}
}

@article{schunck_2013,
  title={Within and between estimates in random-effects models: Advantages and drawbacks of correlated random effects and hybrid models},
  author={Schunck, Reinhard},
  journal={The Stata Journal},
  volume={13},
  number={1},
  pages={65--76},
  year={2013},
  publisher={SAGE Publications Sage CA: Los Angeles, CA}
}


@article{morgan_harding_2006,
  title={Matching estimators of causal effects: {P}rospects and pitfalls in theory and practice},
  author={Morgan, Stephen L and Harding, David J},
  journal={Sociological methods \& research},
  volume={35},
  number={1},
  pages={3--60},
  year={2006},
  publisher={Sage Publications Sage CA: Thousand Oaks, CA}
}

@article{ludwig_bruederl_2021,
  title={What You Need to Know When Estimating Impact Functions with Panel Data for Demographic Research},
  author={Ludwig, Volker and Br{\"u}derl, Josef},
  journal={Comparative Population Studies},
  volume={46},
  year={2021}
}

@incollection{sorensen_kalleberg_1981,
  title={An Outline of a Theory of the Matching of Persons to Jobs},
  author={S{\o}rensen, Aage B and Kalleberg, Arne L},
  booktitle={Sociological Perspectives on Labor Markets (Quantitative studies in social relations)},
  pages={49--74},
  editor    = {Berg, Iver},
  year={1981},
  publisher={Academic Press}
}

@article{lazear_rosen_1981,
  title={Rank-order tournaments as optimum labor contracts},
  author={Lazear, Edward P and Rosen, Sherwin},
  journal={Journal of political Economy},
  volume={89},
  number={5},
  pages={841--864},
  year={1981},
  publisher={The University of Chicago Press}
}

@article{kaufman_2007,
  title={The institutional economics of {John R. Commons}: {C}omplement and substitute for neoclassical economic theory},
  author={Kaufman, Bruce E},
  journal={Socio-Economic Review},
  volume={5},
  number={1},
  pages={3--45},
  year={2007},
  publisher={Oxford University Press}
}

@book{lindbeck_snower_1989,
  title={The insider-outsider theory of employment and unemployment},
  author={Lindbeck, Assar and Snower, Dennis J},
  journal={MIT Press Books},
  volume={1},
  year={1989},
  publisher={the MIT Press}
}

@book{kalleberg_2011,
  title={Good jobs, bad jobs: {T}he rise of polarized and precarious employment systems in the {U}nited {S}tates, 1970s--2000s},
  author={Kalleberg, Arne L},
  year={2011},
  publisher={Russell Sage Foundation}
}

@book{emmenegger_etal_2012,
  title={The age of dualization: {T}he changing face of inequality in deindustrializing societies},
  author={Emmenegger, Patrick and H{\"a}usermann, Silja and Palier, Bruno and Seeleib-Kaiser, Martin},
  year={2012},
  publisher={OUP USA}
}

@article{lippman_mccall_1976,
  title={The economics of job search: {A} survey},
  author={Lippman, Steven A and McCall, John J},
  journal={Economic inquiry},
  volume={14},
  number={2},
  pages={155--189},
  year={1976},
  publisher={Wiley Online Library}
}


@article{wang_weiss_1998,
  title={Probation, layoffs, and wage-tenure profiles: A sorting explanation},
  author={Wang, Ruqu and Weiss, Andrew},
  journal={Labour Economics},
  volume={5},
  number={3},
  pages={359--383},
  year={1998},
  publisher={Elsevier}
}


@article{williamson_1981,
  title={The economics of organization: {T}he transaction cost approach},
  author={Williamson, Oliver E},
  journal={American journal of sociology},
  volume={87},
  number={3},
  pages={548--577},
  year={1981},
  publisher={University of Chicago Press}
}


@article{rueda_2014,
  title={Dualization, crisis and the welfare state},
  author={Rueda, David},
  journal={Socio-Economic Review},
  volume={12},
  number={2},
  pages={381--407},
  year={2014},
  publisher={Oxford University Press}
}

@book{eichhorst_marx_2015,
  title={Non-standard employment in post-industrial labour markets: {A}n occupational perspective},
  author={Eichhorst, Werner and Marx, Paul},
  year={2015},
  publisher={Edward Elgar Publishing}
}


@incollection{marsden_1990,
  title={Institutions and labour mobility: {O}ccupational and internal labour markets in {B}ritain, {F}rance, {I}taly and {W}est {G}ermany},
  author={Marsden, David},
  booktitle={Labour relations and economic performance},
  pages={414--438},
  year={1990},
  publisher={Springer}
}

@article{sicherman_galor_1990,
  title={A theory of career mobility},
  author={Sicherman, Nachum and Galor, Oded},
  journal={Journal of political economy},
  volume={98},
  number={1},
  pages={169--192},
  year={1990},
  publisher={The University of Chicago Press}
}

@article{reich_gordon_edwards_1973,
  title={A theory of labor market segmentation},
  author={Reich, Michael and Gordon, David M and Edwards, Richard C},
  journal={The American Economic Review},
  volume={63},
  number={2},
  pages={359--365},
  year={1973},
  publisher={JSTOR}
}

@article{dieckhoff_etal_2015,
  title={Measuring the effect of institutional change on gender inequality in the labour market},
  author={Dieckhoff, Martina and Gash, Vanessa and Steiber, Nadia},
  journal={Research in Social Stratification and Mobility},
  volume={39},
  pages={59--75},
  year={2015},
  publisher={Elsevier}
}

@book{muffels_2014,
  title={Flexibility and employment security in Europe},
  author={Muffels, Ruud JA},
  year={2014},
  publisher={Edward Elgar Publishing}
}


@Book{esping-anderson_regini_2000,
  title     = {Why deregulate labour markets?},
  publisher = {Oxford University Press, Oxford},
  year      = {2000},
  editor    = {Esping-Andersen, G{\o}sta and Regini, Marino},
}

@book{taylor_gooby_2004,
  title={New risks, new welfare},
  author={Taylor-Gooby, Peter},
  volume={10},
  year={2004},
  publisher={Oxford: Oxford University Press}
}

@article{van_lancker_2012,
  title={The European world of temporary employment: Gendered and poor?},
  author={Van Lancker, Wim},
  journal={European Societies},
  volume={14},
  number={1},
  pages={83--111},
  year={2012},
  publisher={Taylor \& Francis}
}


@article{crettaz_2013,
  title={A state-of-the-art review of working poverty in advanced economies: theoretical models, measurement issues and risk groups},
  author={Crettaz, Eric},
  journal={Journal of European Social Policy},
  volume={23},
  number={4},
  pages={347--362},
  year={2013},
  publisher={SAGE Publications Sage UK: London, England}
}


@article{jahn_etal_2012,
  title={Feature: flexible forms of employment: boon and bane},
  author={Jahn, Elke J and Riphahn, Regina T and Schnabel, Claus},
  journal={The Economic Journal},
  volume={122},
  number={562},
  pages={F115--F124},
  year={2012},
  publisher={Oxford University Press Oxford, UK}
}

@book{andersson_etal_2005,
  title={Moving Up Or Moving On: Who Gets Ahead in the Low-Wage Labor Market?},
  author={Andersson, Fredrik and Holzer, Harry J and Lane, Julia I},
  year={2005},
  publisher={Russell Sage Foundation}
}


@article{rebitzer_taylor_1991,
  title={A model of dual labor markets when product demand is uncertain},
  author={Rebitzer, James B and Taylor, Lowell J},
  journal={The Quarterly Journal of Economics},
  volume={106},
  number={4},
  pages={1373--1383},
  year={1991},
  publisher={JSTOR}
}


@book{esping-andersen_1990,
  title={The three worlds of welfare capitalism},
  author={Esping-Andersen, G{\o}sta},
  year={1990},
  publisher={Princeton University Press}
}

@book{hall_soskice_2001,
  title={An introduction to varieties of capitalism},
  author={Hall, Peter A and Soskice, David},
  publisher={ Oxford University Press},
  year={2001}
}

@book{moss_tilly_2001,
  title={Stories employers tell: Race, skill, and hiring in America},
  author={Moss, Philip and Tilly, Chris},
  year={2001},
  publisher={Russell Sage Foundation}
}

@book{shavit_muller_1998,
  title={From School to Work. {A} Comparative Study of Educational Qualifications and Occupational Destinations.},
  author={Shavit, Yossi and M{\"u}ller, Walter},
  year={1998},
  publisher={ERIC}
}

@article{sorensen_1983,
  title={Processes of allocation to open and closed positions in social structure},
  author={S{\o}rensen, Aage B},
  journal={Zeitschrift f{\"u}r Soziologie},
  volume={12},
  number={3},
  pages={203--224},
  year={1983},
  publisher={De Gruyter Oldenbourg}
}


@book{pedulla_2020,
  title={Making the cut: {H}iring decisions, bias, and the consequences of nonstandard, mismatched, and precarious employment},
  author={Pedulla, David},
  year={2020},
  publisher={Princeton University Press}
}

@book{esping-andersen_regini_2000,
  title={Why deregulate labour markets?},
  author={Esping-Andersen, G{\o}sta and Regini, Marino},
  year={2000},
  publisher={OUP Oxford}
}

@article{barbieri_etal_2019,
  title={Substitution, entrapment, and inefficiency? {C}ohort inequalities in a two-tier labour market},
  author={Barbieri, Paolo and Cutuli, Giorgio and Luijkx, Ruud and Mari, Gabriele and Scherer, Stefani},
  journal={Socio-Economic Review},
  volume={17},
  number={2},
  pages={409--431},
  year={2019},
  publisher={Oxford University Press}
}

@article{barbieri_cutuli_2016,
  title={Employment protection legislation, labour market dualism, and inequality in {E}urope},
  author={Barbieri, Paolo and Cutuli, Giorgio},
  journal={European Sociological Review},
  volume={32},
  number={4},
  pages={501--516},
  year={2016},
  publisher={Oxford University Press}
}

@article{barbieri_cutuli_2018,
  title={Dual labour market intermediaries in {I}taly: How to lay off ``lemons''â€”{T}hereby creating a problem of adverse selection},
  author={Barbieri, Paolo and Cutuli, Giorgio},
  journal={De Economist},
  volume={166},
  number={4},
  pages={477--502},
  year={2018},
  publisher={Springer}
}



@book{carre_tilly_2017,
  title={Where bad jobs are better: Retail jobs across countries and companies},
  author={Carr{\'e}, Fran{\c{c}}oise and Tilly, Chris},
  year={2017},
  publisher={Russell Sage Foundation}
}

@article{inanc_2018,
  title={Unemployment, temporary work, and subjective well-being: {T}he gendered effect of spousal labor market insecurity},
  author={Inanc, Hande},
  journal={American Sociological Review},
  volume={83},
  number={3},
  pages={536--566},
  year={2018},
  publisher={SAGE Publications Sage CA: Los Angeles, CA}
}

@article{baron_rapp_2019,
  title={Does fixed-term employment delay important partnership events? {C}omparing transitions into cohabitation, marriage, parenthood and home ownership among young adults in {G}ermany},
  author={Baron, Daniel and Rapp, Ingmar},
  journal={Journal of Family Research},
  volume={31},
  number={1},
  pages={40--57},
  year={2019}
}

@article{marx_2014,
  title={Labour market risks and political preferences: {T}he case of temporary employment},
  author={Marx, Paul},
  journal={European Journal of Political Research},
  volume={53},
  number={1},
  pages={136--159},
  year={2014},
  publisher={Wiley Online Library}
}

@Article{hogberg_etal_2019,
  author    = {H{\"o}gberg, Bj{\"o}rn and Strandh, Mattias and Baranowska-Rataj, Anna},
  title     = {Transitions from temporary employment to permanent employment among young adults: {T}he role of labour law and education systems},
  number    = {4},
  pages     = {1--19},
  volume    = {55},
  journal   = {Journal of Sociology},
  publisher = {SAGE Publications Sage UK: London, England},
  year      = {2019},
}

@Article{gebel_2010,
  author    = {Gebel, Michael},
  title     = {Early career consequences of temporary employment in {G}ermany and the {UK}},
  number    = {4},
  pages     = {641--660},
  volume    = {24},
  journal   = {Work, Employment and Society},
  publisher = {SAGE Publications Sage UK: London, England},
  year      = {2010},
}

@Article{reichelt_2015,
  author    = {Reichelt, Malte},
  title     = {Career progression from temporary employment: {H}ow bridge and trap functions differ by task complexity},
  number    = {5},
  pages     = {558--572},
  volume    = {31},
  journal   = {European Sociological Review},
  publisher = {Oxford University Press},
  year      = {2015},
}

@Article{gebel_2013,
  author  = {Gebel, Michael},
  title   = {Is a Temporary Job Better Than Unemployment? {A} Cross-country Comparison Based on {B}ritish, {G}erman, and {S}wiss Panel Data},
  pages   = {143--156},
  volume  = {133},
  journal = {Schmollers Jahrbuch},
  year    = {2013},
}

@article{gebel_2009,
  title={Fixed-term contracts at labour market entry in {W}est {G}ermany: {I}mplications for job search and first job quality},
  author={Gebel, Michael},
  journal={European Sociological Review},
  volume={25},
  number={6},
  pages={661--675},
  year={2009},
  publisher={Oxford University Press}
}

@Article{biegert_kuhhirt_2018,
  author    = {Biegert, Thomas and K{\"u}hhirt, Michael},
  title     = {Taking lemons for a trial run: {D}oes type of job exit affect the risk of entering fixed-term employment in {G}ermany?},
  number    = {2},
  pages     = {184--197},
  volume    = {34},
  journal   = {European Sociological Review},
  publisher = {Oxford University Press},
  year      = {2018},
}

@Article{mcginnity_etal_2005,
  author    = {McGinnity, Frances and Mertens, Antje and Gundert, Stefanie},
  title     = {A bad start? {F}ixed-term contracts and the transition from education to work in {W}est {G}ermany},
  number    = {4},
  pages     = {359--374},
  volume    = {21},
  journal   = {European Sociological Review},
  publisher = {Oxford University Press},
  year      = {2005},
}

@Article{kalleberg_2000,
  author    = {Kalleberg, Arne L},
  title     = {Nonstandard employment relations: {P}art-time, temporary and contract work},
  number    = {1},
  pages     = {341--365},
  volume    = {26},
  journal   = {Annual Review of Sociology},
  publisher = {Annual Reviews 4139 El Camino Way, PO Box 10139, Palo Alto, CA 94303-0139, USA},
  year      = {2000},
}

@InCollection{buchtemann_quack_1989,
  author    = {B{\"u}chtemann, Christoph F and Quack, Sigrid},
  booktitle = {Precarious jobs in labour market regulation: {T}he growth of atypical employment in {W}estern {E}urope.},
  title     = {Bridges or Traps? {N}on-standard Employment in the {F}ederal {R}epublic of {G}ermany?},
  chapter   = {5},
  editor    = {Rodgers, Gerry and Rodgers, Jenine},
  pages     = {109--148},
  publisher = {Institute for Labour Studies},
  year      = {1989},
}

@article{rodgers_rodgers_1989,
  title={Precarious jobs in labour market regulation: {T}he growth of atypical employment in {W}estern {E}urope},
  author={Rodgers, Gerry and Rodgers, Janine},
  journal={Gen{\`e}ve, ILO},
  year={1989}
}


@Article{alba_ramirez_1998,
  author    = {Alba-Ramirez, Alfonso},
  title     = {How temporary is temporary employment in {S}pain?},
  number    = {4},
  pages     = {695--710},
  volume    = {19},
  journal   = {Journal of Labor Research},
  publisher = {Springer},
  year      = {1998},
}

@Article{helbling_2017,
  author    = {Helbling, Laura A},
  title     = {Fixed-Term Jobs after Vocational Education and Training in {S}witzerland: {S}tepping Stone or Impediment?},
  number    = {1},
  pages     = {89--113},
  volume    = {43},
  journal   = {Swiss Journal of Sociology},
  publisher = {De Gruyter Open},
  year      = {2017},
}

@Article{remery_etal_2002,
  author    = {Remery, Chantal and van Doorne-Huiskes, Anneke and Schippers, Joop},
  title     = {Labour market flexibility in the {N}etherlands: {L}ooking for winners and losers},
  number    = {3},
  pages     = {477--495},
  volume    = {16},
  journal   = {Work, employment and society},
  publisher = {Sage Publications London},
  year      = {2002},
}

@Article{scherer_2004,
  author    = {Scherer, Stefani},
  title     = {Stepping-stones or traps? {T}he consequences of labour market entry positions on future careers in {W}est {G}ermany, {G}reat {B}ritain and {I}taly},
  number    = {2},
  pages     = {369--394},
  volume    = {18},
  journal   = {Work, Employment and Society},
  publisher = {Sage Publications Sage CA: Thousand Oaks, CA},
  year      = {2004},
}

@Article{hipp_etal_2015,
  author    = {Hipp, Lena and Bernhardt, Janine and Allmendinger, Jutta},
  title     = {Institutions and the prevalence of nonstandard employment},
  number    = {2},
  pages     = {351--377},
  volume    = {13},
  journal   = {Socio-Economic Review},
  publisher = {Oxford University Press},
  year      = {2015},
}

@Article{muffels_luijkx_2008,
  author    = {Muffels, Ruud and Luijkx, Ruud},
  title     = {Labour market mobility and employment security of male employees in {E}urope: {T}rade-off or `flexicurity'?},
  number    = {2},
  pages     = {221--242},
  volume    = {22},
  journal   = {Work, employment and Society},
  publisher = {Sage Publications Sage UK: London, England},
  year      = {2008},
}

@Article{decuyper_etal_2008,
  author    = {De Cuyper, Nele and De Jong, Jeroen and De Witte, Hans and Isaksson, Kerstin and Rigotti, Thomas and Schalk, Ren{\'e}},
  title     = {Literature review of theory and research on the psychological impact of temporary employment: {T}owards a conceptual model},
  number    = {1},
  pages     = {25--51},
  volume    = {10},
  journal   = {International Journal of Management Reviews},
  publisher = {Wiley Online Library},
  year      = {2008},
}

@Article{gagliarducci_2005,
  author    = {Gagliarducci, Stefano},
  title     = {The dynamics of repeated temporary jobs},
  number    = {4},
  pages     = {429--448},
  volume    = {12},
  journal   = {Labour Economics},
  publisher = {Elsevier},
  year      = {2005},
}

@Article{leschke_2009,
  author    = {Leschke, Janine},
  title     = {The segmentation potential of non-standard employment: {A} four-country comparison of mobility patterns},
  number    = {7},
  pages     = {692--715},
  volume    = {30},
  journal   = {International Journal of Manpower},
  publisher = {Emerald Group Publishing Limited},
  year      = {2009},
}

@Article{fuller_stecy-hildebrandt_2015,
  author    = {Fuller, Sylvia and Stecy-Hildebrandt, Natasha},
  title     = {Career pathways for temporary workers: {E}xploring heterogeneous mobility dynamics with sequence analysis},
  pages     = {76--99},
  volume    = {50},
  journal   = {Social Science Research},
  publisher = {Elsevier},
  year      = {2015},
}

@Article{casey_alach_2004,
  author    = {Casey, Catherine and Alach, Petricia},
  title     = {`{J}ust a Temp?' {W}omen, Temporary Employment and Lifestyle},
  number    = {3},
  pages     = {459--480},
  volume    = {18},
  journal   = {Work, employment and society},
  publisher = {Sage Publications London, Thousand Oaks, New Delhi},
  year      = {2004},
}

@Article{mooi-reci_dekker_2015,
  author  = {Mooi-Reci, Irma and Dekker, Ronald},
  title   = {Fixed-Term Contracts: {S}hort-Term Blessings or Long-Term Scars? {E}mpirical Findings from the {N}etherlands 1980--2000},
  number  = {1},
  pages   = {112--135},
  volume  = {53},
  journal = {British Journal of Industrial Relations},
  year    = {2015},
}

@Article{jahn_rosholm_2014,
  author    = {Jahn, Elke J and Rosholm, Michael},
  title     = {Looking beyond the bridge: {T}he effect of temporary agency employment on labor market outcomes},
  pages     = {108--125},
  volume    = {65},
  journal   = {European Economic Review},
  publisher = {Elsevier},
  year      = {2014},
}

@Book{doeringer_piore_1971,
  author    = {Doeringer, Peter B and Piore, Michael J},
  title     = {Internal labor markets and manpower analysis},
  publisher = {D.C. Heath and Company},
  year      = {1971},
}

@Article{de_graaf_zijl_etal_2011,
  author    = {de Graaf-Zijl, Marloes and Van den Berg, Gerard J and Heyma, Arjan},
  title     = {Stepping stones for the unemployed: {T}he effect of temporary jobs on the duration until (regular) work},
  number    = {1},
  pages     = {107--139},
  volume    = {24},
  journal   = {Journal of Population Economics},
  publisher = {Springer},
  year      = {2011},
}

@Book{vosko_2000,
  author    = {Vosko, Leah F},
  title     = {Temporary work: {T}he gendered rise of a precarious employment relationship},
  publisher = {University of Toronto Press},
  volume    = {11},
  year      = {2000},
}

@Article{korpi_levin_2001,
  author    = {Korpi, Tomas and Levin, Henrik},
  title     = {Precarious footing: {T}emporary employment as a stepping stone out of unemployment in {S}weden},
  number    = {1},
  pages     = {127--148},
  volume    = {15},
  journal   = {Work, Employment and Society},
  publisher = {Cambridge university press},
  year      = {2001},
}

@InCollection{ultee_2015,
  author    = {W.C. Ultee},
  booktitle = {International Encyclopedia of the Social \& Behavioral Sciences},
  title     = {Problem Selection in the Social Sciences: {M}ethodology},
  edition   = {2},
  editor    = {Wright, James D.},
  pages     = {49--55},
  publisher = {Pergamon},
  year      = {2015},
}

@Article{addison_2015,
  author    = {Addison, John T and Cotti, Chad D and Surfield, Christopher J},
  title     = {Atypical Jobs: {S}tepping Stones or Dead Ends? {E}vidence from the {NLSY} 79},
  number    = {1},
  pages     = {17--55},
  volume    = {83},
  journal   = {The Manchester School},
  publisher = {Wiley Online Library},
  year      = {2015},
}

@Article{barbieri_2009,
  author    = {Barbieri, Paolo},
  title     = {Flexible employment and inequality in {E}urope},
  number    = {6},
  pages     = {621--628},
  volume    = {25},
  journal   = {European Sociological Review},
  publisher = {Oxford University Press},
  year      = {2009},
}

@Article{mooi-reci_wooden_2017,
  author  = {Mooi-Reci, Irma and Wooden, Mark},
  title   = {Casual employment and long-term wage outcomes},
  number  = {9},
  pages   = {1064--1090},
  volume  = {70},
  journal = {Human Relations},
  year    = {2017},
}

@Article{de_lange_etal_2014,
  author    = {de Lange, Marloes and Gesthuizen, Maurice and Wolbers, Maarten HJ},
  title     = {Consequences of flexible employment at labour market entry for early career development in the {N}etherlands},
  number    = {3},
  pages     = {413--434},
  volume    = {35},
  journal   = {Economic and Industrial Democracy},
  publisher = {SAGE Publications Sage UK: London, England},
  year      = {2014},
}

@Article{gash_2008,
  author    = {Gash, Vanessa},
  title     = {Bridge or trap? {T}emporary workers' transitions to unemployment and to the standard employment contract},
  number    = {5},
  pages     = {651--668},
  volume    = {24},
  journal   = {European Sociological Review},
  publisher = {Oxford University Press},
  year      = {2008},
}

@Book{hatton_2011,
  author    = {Hatton, Erin},
  title     = {The temp economy: {F}rom {K}elly girls to permatemps in postwar America},
  publisher = {Temple University Press},
  year      = {2011},
}

@Book{oecd_1994,
  author    = {OECD},
  title     = {The {OECD} {J}obs {S}tudy: Evidence and explanations},
  publisher = {{OECD} publishing, Paris},
  year      = {1994},
}

@Book{oecd_2006,
  author    = {OECD},
  title     = {{OECD} employment outlook 2006: {B}oosting jobs and incomes},
  publisher = {{OECD} publishing, Paris},
  year      = {2006},
}

@Book{oecd_1996,
  author    = {OECD},
  title     = {The {OECD} jobs strategy},
  publisher = {{OECD} publishing, Paris},
  year      = {1996},
}

@Article{kiersztyn_2016,
  author    = {Kiersztyn, Anna},
  title     = {Fixed-Term Employment and Occupational Position in {P}oland: The Heterogeneity of Temporary Jobs},
  number    = {6},
  pages     = {881--894},
  volume    = {32},
  journal   = {European Sociological Review},
  publisher = {Oxford University Press},
  year      = {2016},
}

@Article{giesecke_gross_2003,
  author  = {Giesecke, Johannes and Gro{\ss}, Martin},
  title   = {Temporary employment: {C}hance or risk?},
  number  = {2},
  pages   = {161--177},
  volume  = {19},
  journal = {European Sociological Review},
  year    = {2003},
}

@Article{giesecke_gross_2004,
  author    = {Giesecke, Johannes and Gro{\ss}, Martin},
  title     = {External labour market flexibility and social inequality: {T}emporary employment in {G}ermany and the {UK}},
  number    = {3},
  pages     = {347--382},
  volume    = {6},
  journal   = {European Societies},
  publisher = {Taylor \& Francis},
  year      = {2004},
}

@Article{amuedo_dorantes_2000,
  author    = {Amuedo-Dorantes, Catalina},
  title     = {Work transitions into and out of involuntary temporary employment in a segmented market: {E}vidence from {S}pain},
  number    = {2},
  pages     = {309--325},
  volume    = {53},
  journal   = {ILR Review},
  publisher = {SAGE Publications Sage CA: Los Angeles, CA},
  year      = {2000},
}

@Unpublished{mertens_mcginnity_2002,
  author = {McGinnity, Frances and Mertens, Antje},
  title  = {Fixed-term contracts in {East and West Germany}: {L}ow wages, poor prospects?},
  note   = {Discussion Papers, Interdisciplinary Research Project 373: Quantification and Simulation of Economic Processes, Berlin},
  year   = {2002},
}

@Article{mertens_mcginnity_2004,
  author  = {Mertens, Antje and McGinnity, Frances},
  title   = {Wages and wage growth of fixed-term workers in {E}ast and {W}est {G}ermany},
  number  = {2},
  pages   = {139--163},
  volume  = {50},
  journal = {Konjunkturpolitik},
  year    = {2004},
}

@Article{gash_mcginnity_2007,
  author    = {Gash, Vanessa and McGinnity, Frances},
  title     = {Fixed-term contractsâ€”the new {E}uropean inequality? {C}omparing men and women in {W}est {G}ermany and {F}rance},
  number    = {3},
  pages     = {467--496},
  volume    = {5},
  journal   = {Socio-Economic Review},
  publisher = {Oxford University Press},
  year      = {2007},
}

@Article{barbieri_sestito_2008,
  author    = {Barbieri, Gianna and Sestito, Paolo},
  title     = {Temporary workers in {I}taly: {W}ho are they and where they end up},
  number    = {1},
  pages     = {127--166},
  volume    = {22},
  journal   = {Labour},
  publisher = {Wiley Online Library},
  year      = {2008},
}

@Article{baranowska_etal_2011,
  author    = {Baranowska, Anna and Gebel, Michael and Kotowska, Irena E},
  title     = {The role of fixed-term contracts at labour market entry in {P}oland: {S}tepping stones, screening devices, traps or search subsidies?},
  number    = {4},
  pages     = {777--793},
  volume    = {25},
  journal   = {Work, employment and Society},
  publisher = {Sage Publications Sage UK: London, England},
  year      = {2011},
}

@Article{rogers_1995,
  author    = {Rogers, Jackie K.},
  title     = {Just a temp: {E}xperience and structure of alienation in temporary clerical employment},
  number    = {2},
  pages     = {137--166},
  volume    = {22},
  journal   = {Work and Occupations},
  publisher = {SAGE Periodicals Press},
  year      = {1995},
}

@Article{siglitz_1975,
  author    = {Stiglitz, Joseph E},
  title     = {The theory of ``screening,'' education, and the distribution of income},
  number    = {3},
  pages     = {283--300},
  volume    = {65},
  journal   = {The American Economic Review},
  publisher = {JSTOR},
  year      = {1975},
}

@Article{becker_1985,
  author    = {Becker, Gary S},
  title     = {Human capital, effort, and the sexual division of labor},
  number    = {1, Part 2},
  pages     = {S33--S58},
  volume    = {3},
  journal   = {Journal of Labor Economics},
  publisher = {University of Chicago Press},
  year      = {1985},
}

@Book{promberger_2012,
  author    = {Promberger, Markus},
  title     = {Topographie der Leiharbeit: Flexibilit{\"a}t und Prekarit{\"a}t einer atypischen Besch{\"a}ftigungsform},
  volume={146},
  publisher = {edition sigma},
  year      = {2012},
}

@Book{oecd_2015,
  author    = {OECD},
  title     = {In It Together: Why Less Inequality Benefits All},
  publisher = {OECD publishing, Paris},
  year      = {2015},
}

@Article{spence_1973,
  author    = {Spence, Michael},
  title     = {Job market signaling},
  number    = {3},
  pages     = {355--374},
  volume    = {87},
  journal   = {The Quarterly Journal of Economics},
  publisher = {MIT Press},
  year      = {1973},
}

@Article{decuyper_dewitte_2006,
  author    = {De Cuyper, Nele and De Witte, Hans},
  title     = {The impact of job insecurity and contract type on attitudes, well-being and behavioural reports: {A} psychological contract perspective},
  number    = {3},
  pages     = {395--409},
  volume    = {79},
  journal   = {Journal of Occupational and Organizational Psychology},
  publisher = {Wiley Online Library},
  year      = {2006},
}

@Book{oecd_2014,
  author    = {OECD},
  title     = {{OECD} employment outlook 2014},
  publisher = {{OECD} publishing, Paris},
  year      = {2014},
}

@Book{eurofund_2015,
  author    = {Eurofund},
  title     = {Recent developments in temporary employment: {E}mployment growth, wages and transitions},
  publisher = {Publications Office of the European Union, Luxembourg},
  year      = {2015},
}

@Unpublished{hagen_2003,
  author = {Hagen, Tobias},
  title  = {Do fixed-term contracts increase the long-term employment opportunities of the unemployed?},
  note   = {Centre for European Economic Research ({ZEW}) Discussion Paper No. 03-49},
  year   = {2003},
}


@Article{pavlopoulos_vermunt_2015,
  author  = {Pavlopoulos, D and Vermunt, JK},
  title   = {Measuring temporary employment. {D}o survey or register data tell the truth?},
  number  = {1},
  pages   = {197--214},
  volume  = {41},
  journal = {Survey Methodology},
  year    = {2015},
}

@Article{hagen_2002,
  author    = {Hagen, Tobias},
  title     = {Do temporary workers receive risk premiums? {A}ssessing the wage effects of fixed--term contracts in {W}est {G}ermany by a matching estimator compared with parametric approaches},
  number    = {4},
  pages     = {667--705},
  volume    = {16},
  journal   = {Labour},
  publisher = {Wiley Online Library},
  year      = {2002},
}

@InCollection{debels_2008,
  author    = {Debels, Annelies},
  booktitle = {Flexibility and employment security in {E}urope.},
  title     = {Transitions out of temporary jobs: consequences for employment and poverty across Europe},
  chapter   = {3},
  editor    = {Muffels, Ruud},
  pages     = {51--77},
  publisher = {Edward Elgar; Cheltenham/Northampton},
  year      = {2008},
}

@Article{guell_petrongolo_2007,
  author    = {G{\"u}ell, Maia and Petrongolo, Barbara},
  title     = {How binding are legal limits? {T}ransitions from temporary to permanent work in {S}pain},
  number    = {2},
  pages     = {153--183},
  volume    = {14},
  journal   = {Labour Economics},
  publisher = {Elsevier},
  year      = {2007},
}

@Article{barbieri_scherer_2009,
  author    = {Barbieri, Paolo and Scherer, Stefani},
  title     = {Labour market flexibilization and its consequences in {I}taly},
  number    = {6},
  pages     = {677--692},
  volume    = {25},
  journal   = {European Sociological Review},
  publisher = {Oxford University Press},
  year      = {2009},
}

@Article{passaretta_wolbers_2019,
  author    = {Passaretta, Giampiero and Wolbers, Maarten HJ},
  title     = {Temporary employment at labour market entry in {E}urope: {L}abour market dualism, transitions to secure employment and upward mobility},
  number    = {2},
  pages     = {382--408},
  volume    = {40},
  journal   = {Economic and Industrial Democracy},
  publisher = {SAGE Publications Sage UK: London, England},
  year      = {2019},
}

@Article{picchio_2008,
  author    = {Picchio, Matteo},
  title     = {Temporary contracts and transitions to stable jobs in {I}taly},
  pages     = {147--174},
  volume    = {22},
  journal   = {Labour},
  publisher = {Wiley Online Library},
  year      = {2008},
}

@Article{kahn_2010,
  author    = {Kahn, Lawrence M},
  title     = {Employment protection reforms, employment and the incidence of temporary jobs in {E}urope: 1996--2001},
  journal   = {Labour Economics},
  year      = {2010},
  volume    = {17},
  number    = {1},
  pages     = {1--15},
  publisher = {Elsevier},
}

@article{kahn_2007,
  title={The impact of employment protection mandates on demographic temporary employment patterns: {I}nternational microeconomic evidence},
  author={Kahn, Lawrence M},
  journal={The Economic Journal},
  volume={117},
  number={521},
  pages={F333--F356},
  year={2007},
  publisher={Oxford University Press Oxford, UK}
}

@article{shire_etal_2009,
  title={Collective bargaining and temporary contracts in call centre employment in {A}ustria, {G}ermany and {S}pain},
  author={Shire, Karen A and Sch{\"o}nauer, Annika and Valverde, Mireia and Mottweiler, Hannelore},
  journal={European Journal of Industrial Relations},
  volume={15},
  number={4},
  pages={437--456},
  year={2009},
  publisher={SAGE Publications Sage UK: London, England}
}


@Book{kalleberg_2018,
  author    = {Kalleberg, Arne L},
  title     = {Precarious lives: {J}ob insecurity and well-being in rich democracies},
  publisher = {John Wiley \& Sons},
  year      = {2018},
}

@Article{fuller_2011,
  author    = {Fuller, Sylvia},
  title     = {Up and on or down and out? {G}ender, immigration and the consequences of temporary employment in {C}anada},
  number    = {2},
  pages     = {155--180},
  volume    = {29},
  journal   = {Research in Social Stratification and Mobility},
  publisher = {Elsevier},
  year      = {2011},
}

@Article{noelke_2015,
  author    = {Noelke, Clemens},
  title     = {Employment protection legislation and the youth labour market},
  number    = {4},
  pages     = {471--485},
  volume    = {32},
  journal   = {European Sociological Review},
  publisher = {Oxford University Press},
  year      = {2015},
}

@Article{booth_etal_2002,
  author    = {Booth, Alison L and Francesconi, Marco and Frank, Jeff},
  title     = {Temporary jobs: {S}tepping stones or dead ends?},
  number    = {480},
  pages     = {F189--F213},
  volume    = {112},
  journal   = {The Economic Journal},
  publisher = {Wiley Online Library},
  year      = {2002},
}

@article{babos_2014,
  title={Step or trap? {T}ransition from fixed-term contracts in {Central Eastern Europe}},
  author={Babos, Pavol},
  journal={Post-Communist Economies},
  volume={26},
  number={1},
  pages={39--52},
  year={2014},
  publisher={Taylor \& Francis}
}


@article{amuedo_dorantes_serrano_padial_2007,
  title={Wage growth implications of fixed-term employment: {A}n analysis by contract duration and job mobility},
  author={Amuedo-Dorantes, Catalina and Serrano-Padial, Ricardo},
  journal={Labour Economics},
  volume={14},
  number={5},
  pages={829--847},
  year={2007},
  publisher={Elsevier}
}

@article{berson_2018,
  title={Fixed-Term Contracts and Labor Market Duality in {F}rance},
  author={Berson, Cl{\'e}mence},
  journal={De Economist},
  volume={166},
  number={4},
  pages={455--476},
  year={2018},
  publisher={Springer}
}

@article{bosco_valeriani_2018,
  title={The road to permanent work in {I}taly: ``{I}t's getting dark, too dark to see''},
  author={Bosco, Maria Giovanna and Valeriani, Elisa},
  journal={Italian Economic Journal},
  volume={4},
  number={3},
  pages={385--419},
  year={2018},
  publisher={Springer}
}


@article{brown_sessions_2003,
  title={Earnings, education, and fixed-term contracts},
  author={Brown, Sarah and Sessions, John G},
  journal={Scottish Journal of Political Economy},
  volume={50},
  number={4},
  pages={492--506},
  year={2003},
  publisher={Wiley Online Library}
}


@article{comi_grasseni_2012,
  title={Are temporary workers discriminated against? {E}vidence from {E}urope},
  author={Comi, Simona and Grasseni, Mara},
  journal={The Manchester School},
  volume={80},
  number={1},
  pages={28--50},
  year={2012},
  publisher={Wiley Online Library}
}


@article{arranz_etal_2010,
  title={The influence of temporary employment on unemployment exits in a competing risks framework},
  author={Arranz, Jos{\'e} M and Garc{\'\i}a-Serrano, Carlos and Toharia, Luis},
  journal={Journal of Labor Research},
  volume={31},
  number={1},
  pages={67--90},
  year={2010},
  publisher={Springer}
}

@article{pavlopoulos_2013,
  title={Starting your career with a fixed-term job: {S}tepping-stone or ``dead end''?},
  author={Pavlopoulos, Dimitris},
  journal={Review of Social Economy},
  volume={71},
  number={4},
  pages={474--501},
  year={2013},
  publisher={Taylor \& Francis}
}

@article{pfeifer_2012,
  title={Fixed-term contracts and wages revisited using linked employer-employee data},
  author={Pfeifer, Christian},
  journal={Journal for Labour Market Research},
  volume={45},
  number={2},
  pages={171--183},
  year={2012},
  publisher={Springer}
}

@article{bills_etal_2017,
  title={The demand side of hiring: {E}mployers in the labor market},
  author={Bills, David B and Di Stasio, Valentina and G{\"e}rxhani, Klarita},
  journal={Annual Review of Sociology},
  volume={43},
  pages={291--310},
  year={2017},
  publisher={Annual Reviews}
}

@article{katz_krueger_2019,
  title={The rise and nature of alternative work arrangements in the United States, 1995--2015},
  author={Katz, Lawrence F and Krueger, Alan B},
  journal={ILR Review},
  volume={72},
  number={2},
  pages={382--416},
  year={2019},
  publisher={SAGE Publications Sage CA: Los Angeles, CA}
}



@article{humburg_vandervelden_2015,
  title={Skills and the graduate recruitment process: {E}vidence from two discrete choice experiments},
  author={Humburg, Martin and Van der Velden, Rolf},
  journal={Economics of Education Review},
  volume={49},
  pages={24--41},
  year={2015},
  publisher={Elsevier}
}

@article{distasio_vandewerhorst_2016,
  title={Why does education matter to employers in different institutional contexts? {A} vignette study in {E}ngland and the {N}etherlands},
  author={Di Stasio, Valentina and van de Werfhorst, Herman G},
  journal={Social Forces},
  volume={95},
  number={1},
  pages={77--106},
  year={2016},
  publisher={Oxford University Press}
}

@article{nunez_livanos_2015,
  title={Temps ``by choice''? {A}n investigation of the reasons behind temporary employment among young workers in {E}urope},
  author={Nunez, Imanol and Livanos, Ilias},
  journal={Journal of labor research},
  volume={36},
  number={1},
  pages={44--66},
  year={2015},
  publisher={Springer}
}

@article{kalleberg_2001,
  title={Organizing flexibility: {T}he flexible firm in a new century},
  author={Kalleberg, Arne L},
  journal={British journal of industrial relations},
  volume={39},
  number={4},
  pages={479--504},
  year={2001},
  publisher={Wiley Online Library}
}  

@book{piore_sabel_1986,
  title={The second industrial divide: possibilities for prosperity},
  author={Piore, Michael J and Sabel, Charles F},
  year={1986},
  publisher={Basic books}
}

@techreport{giersch_1985,
  title={Eurosclerosis},
  author={Giersch, Herbert},
  year={1985},
  institution={Kieler Diskussionsbeitr{\"a}ge 112}
}


@article{katz_etal_1983,
  title={Industrial relations performance, economic performance, and {QWL} programs: {A}n interplant analysis},
  author={Katz, Harry C and Kochan, Thomas A and Gobeille, Kenneth R},
  journal={ILR Review},
  volume={37},
  number={1},
  pages={3--17},
  year={1983},
  publisher={SAGE Publications Sage CA: Los Angeles, CA}
}

@article{katz_etal_1985,
  title={Assessing the effects of industrial relations systems and efforts to improve the quality of working life on organizational effectiveness},
  author={Katz, Harry C and Kochan, Thomas A and Weber, Mark R},
  journal={Academy of Management Journal},
  volume={28},
  number={3},
  pages={509--526},
  year={1985},
  publisher={Academy of Management Briarcliff Manor, NY 10510}
}

@book{schmid_gazier_2002,
  title={The dynamics of full employment: {S}ocial integration through transitional labour markets},
  author={Schmid, G\_nther and Gazier, Bernard},
  year={2002},
  publisher={Edward Elgar Publishing}
}

@article{berton_etal_2011,
  title={Are temporary jobs a port of entry into permanent employment?},
  author={Berton, Fabio and Devicienti, Francesco and Pacelli, Lia},
  journal={International journal of manpower},
  year={2011},
  publisher={Emerald Group Publishing Limited}
}

@article{diprete_etal_2017,
  title={School-to-work linkages in the {U}nited States, {G}ermany, and {F}rance},
  author={DiPrete, Thomas A and Eller, Christina Ciocca and Bol, Thijs and Van de Werfhorst, Herman G},
  journal={American Journal of Sociology},
  volume={122},
  number={6},
  pages={1869--1938},
  year={2017},
  publisher={University of Chicago Press Chicago, IL}
}

@book{barley_kunda_2006,
  title={Gurus, hired guns, and warm bodies: {I}tinerant experts in a knowledge economy},
  author={Barley, Stephen R and Kunda, Gideon},
  year={2006},
  publisher={Princeton University Press}
}

@article{fuller_vosko_2008,
  title={Temporary employment and social inequality in {C}anada: {E}xploring intersections of gender, race and immigration status},
  author={Fuller, Sylvia and Vosko, Leah F},
  journal={Social indicators research},
  volume={88},
  number={1},
  pages={31--50},
  year={2008},
  publisher={Springer}
}

@book{autor_2009,
  title={Studies of Labor Market Intermediation},
  author={Autor, David H.},
  year={2009},
  publisher={University of Chicago Press}
}

@article{houseman_2014,
  title={Temporary agency work},
  author={Houseman, Susan N},
  journal={IZA World of Labor},
  year={2014}
}

@article{mattijssen_pavlopoulos_2019,
  title={A multichannel typology of temporary employment careers in the {N}etherlands: {I}dentifying traps and stepping stones in terms of employment and income security},
  author={Mattijssen, Lucille and Pavlopoulos, Dimitris},
  journal={Social science research},
  volume={77},
  pages={101--114},
  year={2019},
  publisher={Elsevier}
}

@article{reichenberg_berglund_2019,
  title={``{S}tepping up or stepping down?'': {T}he earnings differences associated with {S}wedish temporary workersâ€™ employment sequences},
  author={Reichenberg, Olof and Berglund, Tomas},
  journal={Social science research},
  volume={82},
  pages={126--136},
  year={2019},
  publisher={Elsevier}
}

@article{mcvicar_etal_2019,
  title={Contingent employment and labour market pathways: {B}ridge or trap?},
  author={McVicar, Duncan and Wooden, Mark and La{\ss}, Inga and Fok, Yin-King},
  journal={European Sociological Review},
  volume={35},
  number={1},
  pages={98--115},
  year={2019},
  publisher={Oxford University Press}
}


@book{decuyper_isaksson_2017,
  title={Employment contracts and well-being among {E}uropean workers},
  author={De Cuyper, Nele and Isaksson, Kerstin},
  year={2017},
  publisher={Routledge}
}

@article{rigotti_etal_2015,
  title={Job insecurity among temporary workers: {L}ooking through the gender lens},
  author={Rigotti, Thomas and Mohr, Gisela and Isaksson, Kerstin},
  journal={Economic and Industrial Democracy},
  volume={36},
  number={3},
  pages={523--547},
  year={2015},
  publisher={SAGE Publications Sage UK: London, England}
}

@techreport{pinelli_etal_2017,
  title={The recent reform of the labour market in {I}taly: {A} review},
  author={Pinelli, Dino and Torre, Roberta and Pace, Lucianajulia and Cassio, Laura and Arpaia, Alfonso and others},
  year={2017},
  institution={Discussion paper 072.  Directorate General Economic and Financial Affairs (DG ECFIN).}
}

@Unpublished{bernhardt_2014,
  author = {Bernhardt, Annette},
  title  = {Labor standards and the reorganization of work: {G}aps in data and research},
  note   = {IRLE Working Paper No. 100-14.},
  year   = {2014},
}

@article{pyoria_ojala_2016,
  title={Precarious work and intrinsic job quality: Evidence from {F}inland, 1984--2013},
  author={Py{\"o}ri{\"a}, Pasi and Ojala, Satu},
  journal={The Economic and Labour Relations Review},
  volume={27},
  number={3},
  pages={349--367},
  year={2016},
  publisher={SAGE Publications Sage UK: London, England}
}

@article{lewchuk_2017,
  title={Precarious jobs: {W}here are they, and how do they affect well-being?},
  author={Lewchuk, Wayne},
  journal={The Economic and Labour Relations Review},
  volume={28},
  number={3},
  pages={402--419},
  year={2017},
  publisher={SAGE Publications Sage UK: London, England}
}

@article{mertens_mcginnity_2005,
  title={A ``two-tier'' labour market for fixed-term jobs? {E}valuating evidence from West Germany using quantile regression},
  author={Mertens, Antje and McGinnity, Frances},
  journal={Schmollers Jahrbuch},
  volume={125},
  number={1},
  pages={75--85},
  year={2005}
}


@article{mertens_etal_2007,
  title={The cost of flexibility at the margin. {C}omparing the wage penalty for fixed-term contracts in {G}ermany and {S}pain using quantile regression},
  author={Mertens, Antje and Gash, Vanessa and McGinnity, Frances},
  journal={Labour},
  volume={21},
  number={4-5},
  pages={637--666},
  year={2007},
  publisher={Wiley Online Library}
}

@article{fauser_2020,
  title={Career Trajectories and Cumulative Wages: {T}he Case of Temporary Employment},
  author={Fauser, Sophia},
  journal={Research in Social Stratification and Mobility},
  pages={100529},
  year={2020},
  publisher={Elsevier}
}

